<record><leader>00000cas a2200000 a 4500</leader><controlfield tag="001">9489936</controlfield><controlfield tag="008">830507d18341835nyuwr ne      0    0eng c</controlfield><datafield ind1=" " ind2=" " tag="010"><subfield code="a">sn 83030398 </subfield></datafield><datafield ind1=" " ind2=" " tag="040"><subfield code="a">NPU</subfield><subfield code="b">eng</subfield><subfield code="c">NPU</subfield><subfield code="d">DLC</subfield><subfield code="d">OCL</subfield><subfield code="d">NYS</subfield><subfield code="d">ONP</subfield><subfield code="d">MGN</subfield><subfield code="d">KNP</subfield><subfield code="d">MGN</subfield><subfield code="d">DLC</subfield><subfield code="d">NVF</subfield><subfield code="d">NVK</subfield><subfield code="d">OCL</subfield><subfield code="d">DCN</subfield><subfield code="d">CUI</subfield><subfield code="d">OCLCQ</subfield><subfield code="d">OCLCF</subfield><subfield code="d">OCLCO</subfield><subfield code="d">CUS</subfield></datafield><datafield ind1=" " ind2=" " tag="042"><subfield code="a">pcc</subfield></datafield><datafield ind1=" " ind2=" " tag="043"><subfield code="a">n-us-ny</subfield></datafield><datafield ind1=" " ind2="4" tag="050"><subfield code="a">AN</subfield></datafield><datafield ind1="0" ind2="4" tag="245"><subfield code="a">The Emancipator, and journal of public morals.</subfield></datafield><datafield ind1="1" ind2="3" tag="246"><subfield code="a">Emancipator</subfield></datafield><datafield ind1=" " ind2=" " tag="260"><subfield code="a">New-York [N.Y.] :</subfield><subfield code="b">S.W. Benedict &amp; Co.,</subfield><subfield code="c">1834-1835.</subfield></datafield><datafield ind1=" " ind2=" " tag="300"><subfield code="a">v.</subfield></datafield><datafield ind1=" " ind2=" " tag="310"><subfield code="a">Weekly</subfield></datafield><datafield ind1="0" ind2=" " tag="362"><subfield code="a">Vol. 2, no. 1 (Jan. 14, 1834)-v. 3, no. 26 (June 30, 1835).</subfield></datafield><datafield ind1=" " ind2=" " tag="500"><subfield code="a">Publisher: R.G. Williams, 1835.</subfield></datafield><datafield ind1=" " ind2=" " tag="500"><subfield code="a">Editor: William Goodell.</subfield></datafield><datafield ind1=" " ind2=" " tag="515"><subfield code="a">Issues for Feb. 4, 1834-June 30, 1835 called also whole no. 41-whole no. 114.</subfield></datafield><datafield ind1=" " ind2=" " tag="525"><subfield code="a">Extra issues accompany some numbers.</subfield></datafield><datafield ind1=" " ind2="0" tag="650"><subfield code="a">Antislavery movements</subfield><subfield code="z">United States</subfield><subfield code="v">Newspapers.</subfield></datafield><datafield ind1=" " ind2="0" tag="651"><subfield code="a">New York (N.Y.)</subfield><subfield code="v">Newspapers.</subfield></datafield><datafield ind1=" " ind2="7" tag="650"><subfield code="a">Antislavery movements.</subfield><subfield code="2">fast</subfield><subfield code="0">(OCoLC)fst00810800</subfield></datafield><datafield ind1=" " ind2="7" tag="651"><subfield code="a">New York (State)</subfield><subfield code="z">New York.</subfield><subfield code="2">fast</subfield><subfield code="0">(OCoLC)fst01204333</subfield></datafield><datafield ind1=" " ind2="7" tag="651"><subfield code="a">United States.</subfield><subfield code="2">fast</subfield><subfield code="0">(OCoLC)fst01204155</subfield></datafield><datafield ind1=" " ind2="7" tag="655"><subfield code="a">Newspapers.</subfield><subfield code="2">fast</subfield><subfield code="0">(OCoLC)fst01423814</subfield></datafield><datafield ind1=" " ind2=" " tag="752"><subfield code="a">United States</subfield><subfield code="b">New York</subfield><subfield code="c">New York</subfield><subfield code="d">New York.</subfield></datafield><datafield ind1="0" ind2="8" tag="776"><subfield code="i">Online version:</subfield><subfield code="t">Emancipator, and journal of public morals</subfield><subfield code="w">(OCoLC)612078815</subfield></datafield><datafield ind1="0" ind2="0" tag="780"><subfield code="t">Emancipator</subfield><subfield code="c">(New York, N.Y. : 1833)</subfield><subfield code="w">(DLC)sn 83030397</subfield><subfield code="w">(OCoLC)9486329</subfield></datafield><datafield ind1="0" ind2="0" tag="785"><subfield code="t">Emancipator</subfield><subfield code="c">(New York, N.Y. : 1835)</subfield><subfield code="w">(DLC)sn 83030399</subfield><subfield code="w">(OCoLC)9490084</subfield></datafield><datafield ind1="4" ind2="1" tag="856"><subfield code="3">01/14/1834 to 06/30/1835</subfield><subfield code="u">http://infoweb.newsbank.com/?db=EANX&amp;s_browseRef=decades/1148B23DA38F0700/all.xml</subfield></datafield><datafield ind1="1" ind2=" " tag="029"><subfield code="a">AU@</subfield><subfield code="b">000020126388</subfield></datafield></record>